@book{miller2018john,
  title={John E. Freund's Mathematical Statistics with Applications},
  author={Miller, I. and Miller, M.},
  isbn={9780134995373},
  lccn={2017059688},
  series={Pearson Modern Classics for Advanced Statistics Series},
  url={https://books.google.com/books?id=ccZkswEACAAJ},
  year={2018},
  publisher={Pearson Education}
}
